
@book{lamport-latex,
  Author = {Leslie Lamport},
  Title = {{\LaTeX}: A Document Preparation System (2nd Edition)},
  Publisher = {Addison-Wesley Professional},
  Year = {1994},
  ISBN = {0201529831}
}
@online{GitHub,
	title = {GitHub-Repository},
	author = {Sostizzo, Jamils and Klubertanz, Nicolas},
	year = {2025-1-10},
	url = {https://github.com/colordash/Maturaarbeit}
}
@online{GitHubBetaflight,
	title = {betaflight},
	author = {Steve Evans},
	year = {2025},
	url = {https://github.com/betaflight/betaflight}
}

@online{fpv24deadcatframes,
	title = {Deadcat Frames - FPV24 Blog},
	author = {{FPV24}},
	year = {n.d.},
	url = {https://www.fpv24.com/de/blog/122/deadcat-frames}
}
@online{BoardManual,
	title = {SpeedyBee F7 V3 BL32 50A 30x30 Stack},
	author = {Speedybee},
	year = {},
	url = {chrome-extension://efaidnbmnnnibpcajpcglclefindmkaj/https://store-fhxxhuiq8q.mybigcommerce.com/product_images/img_SpeedyBee_F7V3_Stack/SpeedyBee_F7V3_Stack_Manual_EN.pdf}
}
@online{FPV,
	title = {Alles über FPV-Drohnen},
	author = {Sem van Geffen},
	year = {2023-12-9},
	url = {https://eudrohnenpruefung.de/blogs/aktuell/alles-uber-fpv-drohnen#:~:text=FPV%20steht%20f%C3%BCr%20First%20Person,durch%20die%20Kamera%20des%20Ger%C3%A4ts.}
}
@online{UART,
	title = {Wie funktioniert UART – einfach erklärt!},
	author = {EDI},
	year = {2020},
	url = {https://edistechlab.com/wie-funktioniert-uart/?v=d88fc6edf21e}
}
@Online{Quadkopter,
	title={Was sind Drohnen, Multicopter, UAV \& UAS?},
	author={Sven Szymanski},
	year={2020-8-19},
	url={https://www.saardrones.de/post/drohnen-und-multicopter#:~:text=Quadrocopter%20kommen%20normalerweise%20in%20zwei,im%20privaten%20Bereich%20eingesetzt%20wird.}
	
}
@online{speedybeemanual,
	title = {SpeedyBee F7 V3 Stack Manual (EN)},
	author = {SpeedyBee},
	year = {n.d.},
	url = {chrome-extension://efaidnbmnnnibpcajpcglclefindmkaj/https://store-fhxxhuiq8q.mybigcommerce.com/product_images/img_SpeedyBee_F7V3_Stack/SpeedyBee_F7V3_Stack_Manual_EN.pdf}
}


@book{formla-derivation,
	author={A. M Yaglom and I. M. Yaglom},
	title= {An elementary derivation of the formulas of Wallis, 
		      Leibniz and Euler for the number pi.},
	publisher = {Uspekhi Mat. Nauk},
	volume={8},
	year={1953}
 }
 

@Online{javaquine,
  author  = {Ben Holland},
  title   = {A simple quine program implementation in Java},
  year    = {2016},
  url     = {https://gist.github.com/benjholla/9dd76ca9269e8c9af99a},
  urldate = {2019-06-19}
}

@Online{boolsch,
	author  = {IBM Corporation},
	title   = {Boolesche Werte},
	year    = {2014},
	url     = {https://www.ibm.com/docs/de/db2/11.1?topic=list-boolean-values},
	urldate = {2024-01-05}
}

@Online{bibtex-with-biber,
	author = {WikiBooks},
	title = {{\LaTeX}/Bibliographies with biblatex and biber},
	year = {2023},
	url = {https://en.wikibooks.org/wiki/LaTeX/Bibliographies_with_biblatex_and_biber},
	urldate = {2023-02-18}
}

@Online{isbn2bibtex,
  author = {Manas Tungare},
  title = {{ISBN} to {Bib\TeX} {C}onverter},
  year = {2016},
  url = {http://manas.tungare.name/software/isbn-to-bibtex/},
  urldate = {2016-10-30}
}
@Online{HallGimbals,
	author = {
	TWS reviews},
	title = {What are FrSky M9 Hall Sensor Gimbals},
	year = {2016},
	url={https://www.youtube.com/watch?v=T_YxZoyXH1U&ab_channel=TWSreviews},
	urldate = {2017-03-26}
}



@Online{Prüfung,
	author = {M. Schubert},
	title = {Drohnenführerschein A1/A3 + A2 Schweiz Drohnen Prüfund BAZL},
	year = {},
	url = {https://drohneversichern.ch/drohnenfuehrerschein/}
}
@Online{Altersheim,
	author = {Lars Sostizzo-Künzle},
	title = {Altersheim Abendru},
	year = {},
	url = {https://www.altersheimabendruh.ch/}
}
@Online{bibtex,
  author = {Dana Jacobsen},
  title = {The {Bib\TeX} Format},
  year = {2010},
  url = {http://www.fb10.uni-bremen.de/anglistik/langpro/bibliographies/jacobsen-bibtex.html},
  urldate = {2016-10-30}
}
@online{texstudio,
	author = {TeXstudio},
	title = {TeXstudio – LaTeX Editor},
	year = {2024},
	url = {https://www.texstudio.org/}
}

@online{ubuntuWSL,
	author = {{Ubuntu}},
	title = {Windows Subsystem for Linux | Ubuntu},
	year = {2024},
	url = {https://ubuntu.com/desktop/wsl}
}

@online{betaflightapp,
	author = {Betaflight},
	title = {Betaflight Configurator},
	year = {2024},
	url = {https://app.betaflight.com/#}
}

@online{microsoftstore,
	author = {{Microsoft}},
	title = {Betaflight Configurator - Microsoft Store},
	year = {2024},
	url = {https://apps.microsoft.com/detail/xp9khm4bk9fz7q?hl=en-US&gl=CH}
}

@online{github,
	author = {{GitHub}},
	title = {GitHub: Where the world builds software},
	year = {2024},
	url = {https://github.com/}
}


@Online{figures,
  author = {Wikibooks},
  title = {{\LaTeX}/Floats, Figures and Captions},
  year = {2016},
  url = {https://en.wikibooks.org/wiki/LaTeX/Floats,_Figures_and_Captions},
  urldate = {2016-10-30}
}

@Online{mhchem,
	author = {Martin Hensel},
	title = {mhchem – Typeset chemical formulae/equations and H and Pstatements},
	year = {2023},
	url = {https://ctan.org/pkg/mhchem?lang=en},
	urldate = {2023-02-19}
}

@Online{siunitx,
	author = {Joseph Wright},
	title = {siunitx – A comprehensive (SI) units package},
	year = {2023},
	url = {https://ctan.org/pkg/siunitx?lang=en},
	urldate = {2023-02-20}
}

@Online{qty-vs-si,
	author = {Phelype Oleinik},
	title = {Should I use qty or SI for siunitx?},
	year = {2023},
	url = {https://tex.stackexchange.com/questions/603217/should-i-use-qty-or-si-for-siunitx},
	urldate = {2023-02-24}
}


@Online{LiDAR,
	author = {NavVis GmbH},
	title = {Was ist Lidar und wie funktioniert es?},
	year = {2024},
	url = {https://de.navvis.com/blog/what-is-lidar-how-does-it-work#:~:text=Lidar%20ist%20eine%20Lasertechnologie%2C%20die,f%C3%BCr%20LIght%20Detection%20And%20Ranging.}
}
@Online{overleaf-equations,
	author = {Overleaf \LaTeX{} Documentation},
	title = {Aligning equations with amsmath},
	year = {2024},
	url = {https://www.overleaf.com/learn/latex/Aligning_equations_with_amsmath},
	urldate = {2024-02-22}
}


@book{formula-derivation,
	author={A. M Yaglom and I. M. Yaglom},
	title= {An elementary derivation of the formulas of Wallis, 
	Leibniz and Euler for the number pi.},
	publisher = {Uspekhi Mat. Nauk},
	volume={8},
	year={1953}
}

@Online{javaquine,
	author  = {Ben Holland},
	title   = {A simple quine program implementation in Java},
	year    = {2016},
	url     = {https://gist.github.com/benjholla/9dd76ca9269e8c9af99a},
	urldate = {2019-06-19}
}

@Online{bibtex-with-biber,
	author = {WikiBooks},
	title = {{\LaTeX}/Bibliographies with biblatex and biber},
	year = {2023},
	url = {https://en.wikibooks.org/wiki/LaTeX/Bibliographies_with_biblatex_and_biber},
	urldate = {2023-02-18}
}

@Online{isbn2bibtex,
	author = {Manas Tungare},
	title = {{ISBN} to {Bib\TeX} {C}onverter},
	year = {2016},
	url = {http://manas.tungare.name/software/isbn-to-bibtex/},
	urldate = {2016-10-30}
}
@Online{bibtex,
	author = {Dana Jacobsen},
	title = {The {Bib\TeX} Format},
	year = {2010},
	url = {http://www.fb10.uni-bremen.de/anglistik/langpro/bibliographies/jacobsen-bibtex.html},
	urldate = {2016-10-30}
}

@Online{figures,
	author = {Wikibooks},
	title = {{\LaTeX}/Floats, Figures and Captions},
	year = {2016},
	url = {https://en.wikibooks.org/wiki/LaTeX/Floats,_Figures_and_Captions},
	urldate = {2016-10-30}
}

@Online{mhchem,
	author = {Martin Hensel},
	title = {mhchem – Typeset chemical formulae/equations and H and P
	statements},
	year = {2023},
	url = {https://ctan.org/pkg/mhchem?lang=en},
	urldate = {2023-02-19}
}

@Online{siunitx,
	author = {Joseph Wright},
	title = {siunitx – A comprehensive (SI) units package},
	year = {2023},
	url = {https://ctan.org/pkg/siunitx?lang=en},
	urldate = {2023-02-20}
}

@Online{qty-vs-si,
	author = {Phelype Oleinik},
	title = {Should I use qty or SI for siunitx?},
	year = {2023},
	url = {https://tex.stackexchange.com/questions/603217/should-i-use-qty-or-si-for-siunitx},
	urldate = {2023-02-24}
}


@Online{overleaf-equations,
	author = {Overleaf \LaTeX{} Documentation},
	title = {Aligning equations with amsmath},
	year = {2024},
	url = {https://www.overleaf.com/learn/latex/Aligning_equations_with_amsmath},
	urldate = {2024-02-22}
}
@Online{Coriolis,
	author = {sudysmarter},
	title = {Corioliskraft},
	year = {},
	url={https://www.studysmarter.de/schule/geographie/klimatologie/corioliskraft/}
}
@Online{RadioController,
	author = {RadioMaster},
	title = {Boxer Radio Controller (M2)},
	year = {},
	url={https://www.radiomasterrc.com/products/boxer-radio-controller-m2?utm_source=chatgpt.com}
}

@Online{ATOMRC,
	author = {ATOMRC},
	title = {Radio Master BOXER 2.4G ELRS M2 Radio Control},
	year = {},
	url={https://atomrc.com/products/radio-master-boxer-2-4g-elrs?srsltid=AfmBOor9DzAvEB8gRbbqTshTRHVRcMY31oeOAA6duxyfv4pdjrebuZUf&utm_source=chatgpt.com}
}
@Online{Steuerung,
	author = {sudysmarter},
	title = {Was ist Drohnensteuerung?},
	year = {},
	url={https://www.studysmarter.de/studium/ingenieurwissenschaften/luft-und-raumfahrttechnik/drohnensteuerung/?utm_source=chatgpt.com}
}

@Online{Akku,
	author = {AlliExpress},
	title = {OVONIC 6s 4s Lipo 4s Batterie 1300mAh Racing Drone 100C 22,2 V XT60 Stecker Für RC quadcopter Hubschrauber UAV Flugzeug Batterien},
	url={https://de.aliexpress.com/item/4001360230277.html}
}
@Online{Fernsteuerung,
	author  = {AlliExpress},
	title   = {RadioMaster Boxer Funksteuerung 2,4G 16ch Hall Gimbals Sender 4in1 ELRS CC2500 Version Unterstützung EDGETX},
	year    = {},
	url     = {https://de.aliexpress.com/item/1005005537456781.html?aff_fcid=573c3216c86f435b9a5321863462b02b-1709283084488-04738-_DdYbwNd&tt=CPS_NORMAL&aff_fsk=_DdYbwNd&aff_platform=shareComponent-detail&sk=_DdYbwNd&aff_trace_key=573c3216c86f435b9a5321863462b02b-1709283084488-04738-_DdYbwNd&terminal_id=ce274de3d46a4d78b329743466e66da1&afSmartRedirect=y},
	urldate = {2019-06-19}
}
@Online{Motorenkauf,
	author = {AlliExpress},
	title = {Rcinpower GTS V4 2207 2040KV 5-6S FPV Bürstenloser Motor Kompatibel mit 5 Zoll Propeller für RC FPV Racing Freestyle Drone},
	year = {},
	url={https://de.aliexpress.com/item/1005005128667783.html}
}
@Online{Motorenstudy,
	author = {studyflix},
	title = {Bürstenloser Gleichstrommotor},
	year = {2024},
	url={https://studyflix.de/elektrotechnik/burstenloser-gleichstrommotor-1426}
}

@Online{Capacitive_vs_Piezoresistive,
	author = {Es systems},
	title = {MEMS Capacitive vs Piezoresistive Pressure Sensors – What are their differences?},
	year = {2020-09-24},
	url={https://esenssys.com/capacitive-piezoresistive-pressure-sensors-differences}
}
@Online{chatGPT01,
	author = {chatGPT},
	promt={\includegraphics[height=0.3\textheight]{MotionDE.jpg} % Scale to 30% of the height of the text 
	ändere mir das so, dass das Bild rechts ganz zu sehen ist un der Text nebenan weitergeht},
	year = {2024-09-22}	
}
@Online{Stack,
	author = {AliExpress},
	title={SpeedyBee F7 V3 50A Stack F722 Flight Control BL32 50A 4in1 ESC3~6S Lipo mit Blackbox-Analysator Geeignet für FPV Freestyle Drone},
	url={https://de.aliexpress.com/item/1005005915520026.html},
	year = {}
}
@Online{ELRS,
	author = {AliExpress},
	title={RadioMaster RP1 2,4 GHz ExpressLRS ELRS Nano-Empfänger},
	url={https://de.aliexpress.com/item/1005005916385059.html},
	year = {}
}
@Online{SmokeStopper,
	author = {AliExpress},
	title={Iflight xt30/xt60 Sicherungs test Sicherheit Kurzschluss schutz Smart Smoke Stopper Plug für fpv Renn drohnen Flugzeug modelle},
	url={https://de.aliexpress.com/item/1005004479083098.html},
	year = {}
}
@Online{Frame,
	author = {AliExpress},
	title={ Mark5 MK5 DC DeadCat Struktur FPV Rahmen Kit 5 Zoll Kohlefaser für O3/Lufteinheit/Vista RC Quadcopter Racing Drone DIY Teile},
	url={https://de.aliexpress.com/item/1005005511641716.html},
	year = {}
}
@Online{Kalman,
	author = {Thomas},
	title={Kalman-Filter},
	url={https://elsensohn.ch/docs/distributed-systems/kalman-filter/},
	year = {2006-11-12}
}




